@manual{mvcframeworks,
  author =       {Bestframeworks},
  title =        {List of Python MVC-frameworks by bestwebframeworks.com},
  date =         {2009},
  url =          {http://www.bestwebframeworks.com/compare-web-frameworks/python/}
}

@article{tcp1_4,
    author =       {R. Bush},
    title =        {TRANSMISSION CONTROL PROTOCOL},
    date =         {1981},
    publisher =    {The Internet Society},
    url       =    {https://tools.ietf.org/html/rfc793#section-1.4}
}

@article{tcp2_3,
    author =       {R. Bush},
    title =        {TRANSMISSION CONTROL PROTOCOL},
    date =         {1981},
    publisher =    {The Internet Society},
    url       =    {https://tools.ietf.org/html/rfc793#section-2.3}
}

@article{http,
    author =       {R. Fielding},
    title =        {Hypertext Transfer Protocol -- HTTP/1.1},
    date =         {1999},
    publisher =    {The Internet Society},
    url       =    {https://tools.ietf.org/html/rfc2616}
}

@article{httprequest,
    author =       {R. Fielding},
    title =        {Hypertext Transfer Protocol -- HTTP/1.1},
    date =         {1999},
    publisher =    {The Internet Society},
    url       =    {https://tools.ietf.org/html/rfc2616#page-31}
}

@article{w3http,
    author =       {R. Fielding},
    title =        {The Original HTTP as defined in 1991},
    date =         {1991},
    publisher =    {The World Wide Web Consortium },
    url       =    { https://www.w3.org/Protocols/HTTP/AsImplemented.html}
}

@article{w3http2,
    author =       {R. Fielding},
    title =        {The Original HTTP as defined in 1991},
    date =         {1991},
    publisher =    {The World Wide Web Consortium },
    url       =    {https://www.w3.org/Protocols/HTTP/HTTP2.htmll}
}

@article{sgml,
    author =       {R. Fielding},
    title =        {SGML Media Types},
    date =         {1995},
    publisher =    {The Internet Society},
    url       =    {https://tools.ietf.org/html/rfc1874}
}

@article{ietfhtml,
    author =       {T. Berners-Lee},
    title =        { Hypertext Markup Language - 2.0},
    date =         {1995},
    publisher =    {The Internet Society},
    url       =    {https://tools.ietf.org/html/rfc1866}
}

@article{uri,
    author =       {R. Fielding},
    title =        {Uniform Resource Locators (URL)},
    date =         {1994},
    publisher =    {The Internet Society},
    url       =    {https://tools.ietf.org/html/rfc1738}
}


@article{hypertext,
    author =       {T. Berners-Lee	R. Cailliau},
    title =        {WorldWideWeb: Proposal for a HyperText Project},
    date =         {1990},
    publisher =    {w3},
    url       =    {https://www.w3.org/Proposal.html}
}

@article{ietf,
    author =       {The Internet Engineering Task Force},
    title =        {The Internet Engineering Task Force},
    date =         {1992},
    publisher =    {The Internet Society},
    url       =    {https://tools.ietf.org/}
}

@article{tcp1_1,
    author =       {R. Bush},
    title =        {TRANSMISSION CONTROL PROTOCOL},
    date =         {1981},
    publisher =    {The Internet Society},
    url       =    {https://tools.ietf.org/html/rfc793#section-1.1}
}

@article{tcp_terminology,
    author =       {X. Xiao},
    title =        {TCP Processing of the IPv4 Precedence Field},
    date =         {2000},
    publisher =    {The Internet Society},
    url       =    {https://tools.ietf.org/html/rfc793#section-1.1}
}

@article{internet_history,
    author =       {R. Bush},
    title =        {Some Internet Architectural Guidelines and Philosophy},
    date =         {2002},
    publisher =    {The Internet Society},
    url       =    { https://tools.ietf.org/html/rfc793 }
}

@article{internet_protocol,
    author =       {University of Southern California},
    title =        {DARPA INTERNET PROGRAM, PROTOCOL SPECIFICATION},
    date =         {1981},
    publisher =    {Information Sciences Institute},
    url       =    { https://tools.ietf.org/html/rfc791 }
}


@article{kytkenta,
    author =       {Wilson Boulevard Arlington},
    title =        { TRANSMISSION CONTROL PROTOCOL},
    date =         {1981},
    publisher =    {Information Sciences Institute University of Southern California},
    url       =    { https://www.ietf.org/rfc/rfc3439.txt}
}

@article{constant_change,
    author =       { B. Carpentern},
    title =        {Architectural Principles of the Internet},
    date =         {1996},
    publisher =    {Network Working Group, ietf},
    url       =    { https://www.ietf.org/rfc/rfc1958.txt }
}

@manual{pyramid,
  author =       {Pylons Project},
  title =        {Pyramid introduction},
  date =         {2010},
  url =          {http://www.kemeneur.com/clients/pylons/docs/pyramid/narr/introduction.html}
}

@manual{flask,
  author =       {Armin Ronacher},
  title =        {Flask},
  date =         {2013},
  url =          {http://flask.pocoo.org/docs}
}

@manual{jinja,
  author =       {Armin Ronacher},
  title =        {Jinja2},
  date =         {2008},
  url =          {http://jinja.pocoo.org/docs/dev/}
}

@article{ibm_watson,
    author =       {Avraham, Avraham Leff James T. Rayfield},
    title =        {Web-Application Development Using the Model/View/Controller Design Pattern},
    date =         {2001},
    subtitle =     {1.2, Web.Applications and the MVC Design},
    publisher =    {IBM T. J. Watson Research Center},
    url       =    {http://ieeexplore.ieee.org/stamp/stamp.jsp?tp=&arnumber=950428}
}

@article{Ghandeharizadeh,
    author =       {Shahram Ghandeharizadeh, Ankit Mutha},
    title =        {An Evaluation of the Hibernate Object-Relational Mapping for Processing Interactive Social Networking Actions},
    date =         {2014},
    publisher =    {University of Southern California},
    url       =    {http://ieeexplore.ieee.org/stamp/stamp.jsp?tp=&arnumber=950428}
}


@manual{django_queries,
  author =       {Django, Software Foundation},
  title =        {FAQ: General},
  publisher =    {Django Software Foundation},
  url    =       {https://docs.djangoproject.com/en/1.8/topics/db/queries/},
  date =         {2005},
}

@manual{django,
  author =       {Django, Software Foundation},
  title =        {FAQ: General},
  publisher =    {Django Software Foundation},
  url    =       {https://docs.djangoproject.com/en/dev/faq/general/#django-appears-to-be-a-mvc-framework-but-you-call-the-controller-the-view-and-the-view-the-template-how-come-you-don-t-use-the-standard-names},
  date =         {2005},
}

@manual{djangobook,
  author =       {Adrian Holovaty, Jacob Kaplan-Moss},
  title =        {The Django Book},
  url =          {http://www.djangobook.com/en/2.0/},
  date =         {2009},
}

@manual{pyramid_intr,
  author =       {Agendaless Consulting},
  title =        {Pyramid Introduction},
  url    =       {http://www.kemeneur.com/clients/pylons/docs/pyramid/narr/introduction.html},
  date =         {2005},
}

@article{krasner,
  author =       {Krasner, Glenn E. Krasner \& StephenT.Pope},
  title =        {A Cookbook for Using the Model-View-Controller User Interface Paradigm in Smalltalk-80},
  publisher =    {ParcPlace Systems},
  date =         {1988},
  url =          {http://www.ics.uci.edu/~redmiles/ics227-SQ04/papers/KrasnerPope88.pdf},
}

@article{reenskaug_orig,
  author =       {Krasner, Glenn E. Krasner \& StephenT.Popez},
  title =        {Models-Views-Controllers},
  date =         {1979},
  url =          {http://heim.ifi.uio.no/~trygver/1979/mvc-2/1979-12-MVC.pdf},
}

@article{krasner_desc,
  author =       {Krasner, Glenn E. Krasner \& StephenT.Pope},
  title =        {A Description of the Model-View-Controller User Interface Paradigm in the Smalltalk-80 System},
  date =         {1988},
  url =          {http://www.create.ucsb.edu/~stp/PostScript/mvc.pdf},
}

@article{deacon,
  author =       {John Deacon},
  title =        {Computer Systems Development, Consulting and Training Model- View-Controller (MVC) Architecture},
  date =         {2009},
}

@article{burbeck,
  author =       {Burbeck Steve},
  title =        {Applications Programming in Smalltalk-80(TM): How to use Model-View-Controller (MVC)},
  date =         {1992},
  url =          {http://st-www.cs.illinois.edu/users/smarch/st-docs/mvc.html}
}
@article{reenskaug_tools,
  author =       {Trygve Reenskaug},
  title =        {The Model-View-Controller (MVC) Its Past and Present},
  date =         {2003},
  url =          {http://heim.ifi. uio.no/~trygver/2003/javazone-jaoo/MVC_pattern.pdf}
}

@article{ockanovic,
  author =       {Ockanovic, V. Okanovic', T. Mateljan},
  title =        {Designing a New Web Application Framework},
  date =         {2011},
  url =          {http://ieeexplore.ieee.org/stamp/stamp.jsp?tp=&arnumber=5967262}
}

@article{xerox,
  author =       {Xerox Parc},
  title =        {MVC Xerox Parc},
  date =         {1978},
  url =          {http://heim.ifi.uio.no/trygver/themes/mvc/mvc-index.html}
}

@manual{wsgi,
  author =       {Agendaless Consulting},
  title =        {Python Web Server Gateway Interface },
  url    =       {https://www.python.org/dev/peps/pep-3333/#abstract},
  date =         {2010},
}

@manual{pylons_history,
  author =       {Pylons Project},
  title =        {Pylons history},
  url    =       {http://www.pylonsproject.org/about/history},
  date =         {2010},
}

@manual{django_mvc,
  author =       {Django Software Foundation},
  title =        {FAQ: General},
  url    =       {https://docs.djangoproject.com/en/1.10/faq/general/n},
  date =         {2005-2016},
}

@manual{pyramid_about,
  author =       {Pylons Project},
  title =        {About Pyramid},
  url    =       {http://www.pylonsproject.org/projects/pyramid/about},
  date =         {2010},
}

@manual{django_history,
  author =       {Adrian Holovaty, Jacob Kaplan-Moss},
  title =        {Django's History},
  url    =       {http://www.djangobook.com/en/2.0/chapter01.html#django-s-history},
  date =         {2009},
}

@manual{pylons_about,
  author =       {Pylons Project},
  title =        {About Pylons},
  url    =       {http://www.pylonsproject.org/about/pylons},
  date =         {2010},
}

@article{xerox-thing,
  author =       {Xerox Parc},
  title =        {Xerox Parc THING-MODEL-VIEW-EDITOR},
  date =         {1979},
  url =          {http://heim.ifi.uio.no/trygver/1979/mvc-1/1979-05-MVC.pdf}
}

@article{xerox-original,
  author =       {Xerox Parc},
  title =        {Xerox Parc THE Original MVC reports},
  date =         {1979},
  url =          {http://heim.ifi.uio.no/~trygver/2007/MVC_Originals.pdf}
}

@article{ignacio,
  author =       {José Ignacio Fernández-Villamor},
  title =        {A comparison model for agile web frameworks},
  date =         {2008},
  url =          {http://dl.acm.org/citation.cfm?id=1621087.1621101&coll=DL&dl=ACM&CFID=629380688&CFTOKEN=89109865}
}

@article{vosloo,
  author =       {Iwan Vosloo \& Derrick G. Kourie},
  title =        {Server-Centric Web Frameworks: An Overview},
  date =         {2008},
  url =          {http://dl.acm.org/citation.cfm?id=1348246.1348247&coll=DL&dl=ACM&CFID=509430230&CFTOKEN=54230385}
}

@article{framework,
  author =       {Eugene Y. Song, Kang Lee},
  title =        {An Application Framework for the IEEE 1588 Standard},
  date =         {2008},
  url =          {http://ieeexplore.ieee.org/stamp/stamp.jsp?tp=&arnumber=4659207}
}

@article{towards_framework,
  author =       {Sheikh I. Ahamed, Alex Pezewski and Al Pezewski},
  title =        {Towards Framework Selection Criteria and Suitability for an
                  Application Framework},
  date =         {2008},
  url =          {http://ieeexplore.ieee.org/stamp/stamp.jsp?tp=&arnumber=1286492}
}


@Manual{oetiker:_pitka_latex,
  title =        {Pitkänpuoleinen johdanto {\LaTeXe}:n käyttöön},
  subtitle =     {Eli opi {\LaTeXe} 133 minuutissa},
  author =       {Tobias Oetiker and others},
  translator =   {Timo Hellgren},
  version =      {4.17fi},
  url =          {http://www.ctan.org/pkg/lshort-finnish},
  date =         {2005-10},
  urldate =      {2013-01-29}
}

@Manual{urldispatch,
  title =        {Pyramid Documentation, URL Dispatch},
  url =          {http://docs.pylonsproject.org/projects/pyramid/en/latest/narr/urldispatch.html},
}

@Book{prodjango,
  author =       {Marty Alchin},
  title =        {Pro Django},
  publisher =    {Apress},
  url =          {http://prodjango.com},
  year =         2013,
}

@Book{liza,
  author =       {Liza Daly},
  title =        {Next-Generation Web Frameworks in Python},
  publisher =    {O'Reilly Media},
  year =         2007,
}

@Book{coulouris,
  author =       {Coulouris, G., Dollimore, J. and Kindberg},
  title =           {Distributed Systems: Concepts and Design, 4th edition},
  publisher =    {Addison Wesley},
  year =         2005,
}

@Book{Sommerville,
  author =       {Ian Sommerville},
  title =           {Software Engineering 9th edition},
  publisher =    {Pearson},
  year =         2010,
}



